@INPROCEEDINGS{365740,
  author={Papadimitriou, C.H. and Raghavan, P. and Sudan, M. and Tamaki, H.},
  booktitle={Proceedings 35th Annual Symposium on Foundations of Computer Science}, 
  title={Motion planning on a graph}, 
  year={1994},
  volume={},
  number={},
  pages={511-520},
  doi={10.1109/SFCS.1994.365740}}
@article{deb2014motion,
  title={Motion planning in Cartesian product graphs},
  author={Deb, Biswajit and Kapoor, Kalpesh},
  journal={Discussiones Mathematicae Graph Theory},
  volume={34},
  number={2},
  pages={207--221},
  year={2014}
}
@article{akwu2018motion,
  title={Motion planning in certain lexicographic product graphs},
  author={Akwu, AD and Oyewumi, O},
  journal={International J. Math. Combin},
  pages={146--153},
  year={2018}
}
@article{wilson1974graph,
  title={Graph puzzles, homotopy, and the alternating group},
  author={Wilson, Richard M},
  journal={Journal of Combinatorial Theory, Series B},
  volume={16},
  number={1},
  pages={86--96},
  year={1974},
  publisher={Elsevier}
}
@mastersthesis{kornhauser1984coordinating,
  title={Coordinating pebble motion on graphs, the diameter of permutation groups, and applications},
  author={Kornhauser, Daniel Martin and Miller, Gary and Spirakis, Paul},
  year={1984},
  school={M. I. T., Dept. of Electrical Engineering and Computer Science}
}
@article{goldreich1984shortest,
  title={Shortest move-sequence in the generalized 15-puzzle is NP-hard},
  author={Goldreich, Oded},
  journal={Manuscript, Laboratory for Computer Science, MIT},
  volume={1},
  year={1984}
}